<record><leader>02960cgm a2200541 a 4500</leader><controlfield tag="001">6711511</controlfield><controlfield tag="003">FOD</controlfield><controlfield tag="005">20141009151047.0</controlfield><controlfield tag="006">m    |o  c |      </controlfield><controlfield tag="007">vz czazuu</controlfield><controlfield tag="007">cr cna</controlfield><controlfield tag="008">141009s2015||||nyu020 |     |o   vleng|d</controlfield><datafield ind1="4" ind2="0" tag="028"><subfield code="a">52840</subfield><subfield code="b">Films Media Group</subfield></datafield><datafield ind1="4" ind2="0" tag="028"><subfield code="a">52836s</subfield><subfield code="b">Films Media Group</subfield></datafield><datafield ind1=" " ind2=" " tag="035"><subfield code="a">ocn892823678</subfield></datafield><datafield ind1=" " ind2=" " tag="039"><subfield code="a">exclude</subfield></datafield><datafield ind1=" " ind2=" " tag="040"><subfield code="a">AzPhAEM</subfield><subfield code="d">AEU</subfield></datafield><datafield ind1="0" ind2=" " tag="041"><subfield code="a">eng</subfield><subfield code="j">eng</subfield></datafield><datafield ind1=" " ind2=" " tag="090"><subfield code="a">Internet Access</subfield><subfield code="b">AFMK</subfield></datafield><datafield ind1=" " ind2=" " tag="090"><subfield code="a">Internet Access</subfield><subfield code="b">AGPC</subfield></datafield><datafield ind1="0" ind2="0" tag="245"><subfield code="a">Diesel Cylinder Head Service</subfield><subfield code="h">[electronic resource]</subfield></datafield><datafield ind1="3" ind2=" " tag="260"><subfield code="a">New York, N.Y. :</subfield><subfield code="b">Films Media Group,</subfield><subfield code="c">[2014], c2015.</subfield></datafield><datafield ind1=" " ind2=" " tag="300"><subfield code="a">1 streaming video file (20 min.) :</subfield><subfield code="b">sd., col.</subfield></datafield><datafield ind1=" " ind2=" " tag="336"><subfield code="a">two-dimensional moving image</subfield><subfield code="b">tdi</subfield><subfield code="2">rdacontent</subfield></datafield><datafield ind1=" " ind2=" " tag="337"><subfield code="a">video</subfield><subfield code="b">v</subfield><subfield code="2">rdamedia</subfield></datafield><datafield ind1=" " ind2=" " tag="338"><subfield code="a">other</subfield><subfield code="b">vz</subfield><subfield code="2">rdacarrier</subfield></datafield><datafield ind1="1" ind2=" " tag="490"><subfield code="a">Diesel Engine Technology and Service</subfield></datafield><datafield ind1=" " ind2=" " tag="500"><subfield code="a">Originally produced by Shopware.</subfield></datafield><datafield ind1=" " ind2=" " tag="500"><subfield code="a">Films on Demand is distributed by Films Media Group for Films for the Humanities &amp; Sciences, Cambridge Educational, Meridian Education, and Shopware.</subfield></datafield><datafield ind1="0" ind2=" " tag="505"><subfield code="a">Introduction: Diesel Cylinder Head Service (0:37) -- Cylinder Head Teardown (2:52) -- Cylinder Head Cleaning (1:49) -- Cylinder Head Machining: Injector Tube Installation (3:59) -- Cylinder Head Machining: Valve Grinding (3:11) -- Cylinder Head Machining: Resurface Valve Seats (2:19) -- Cylinder Head Reassembly: Pressure Check (2:44) -- Cylinder Head Reassembly: Valves, Springs &amp; Rocker Arms (2:42) -- Credits: Diesel Cylinder Head Service (0:27)</subfield></datafield><datafield ind1=" " ind2=" " tag="506"><subfield code="a">Access restricted to authorized users and institutions.</subfield></datafield><datafield ind1=" " ind2=" " tag="520"><subfield code="a">This video will review the most common methods for servicing and rebuilding a diesel engine cylinder head. It will explain how to disassemble, inspect, machine and reassemble different types of diesel cylinder heads, including the complexity of a thorough valve job and the importance of checking the head for cracks, warping, and other forms of damage.</subfield></datafield><datafield ind1="2" ind2=" " tag="521"><subfield code="a">11 &amp; up.</subfield></datafield><datafield ind1=" " ind2=" " tag="538"><subfield code="a">Mode of access: Internet.</subfield></datafield><datafield ind1=" " ind2=" " tag="546"><subfield code="a">Closed-captioned.</subfield></datafield><datafield ind1=" " ind2=" " tag="588"><subfield code="a">Title from distributor's description.</subfield></datafield><datafield ind1=" " ind2=" " tag="596"><subfield code="a">8 60</subfield></datafield><datafield ind1=" " ind2="0" tag="650"><subfield code="a">Diesel motor</subfield><subfield code="x">Maintenance and repair.</subfield></datafield><datafield ind1=" " ind2="0" tag="650"><subfield code="a">Motor vehicles</subfield><subfield code="x">Motors (Diesel)</subfield></datafield><datafield ind1="2" ind2=" " tag="710"><subfield code="a">Films for the Humanities &amp; Sciences (Firm)</subfield></datafield><datafield ind1="2" ind2=" " tag="710"><subfield code="a">Films Media Group.</subfield></datafield><datafield ind1="2" ind2=" " tag="710"><subfield code="a">Shopware (Firm)</subfield></datafield><datafield ind1=" " ind2="0" tag="830"><subfield code="a">Diesel Engine Technology and Service.</subfield></datafield><datafield ind1="4" ind2="0" tag="856"><subfield code="3">Keyano College Access</subfield><subfield code="u">http://digital.films.com/PortalPlaylists.aspx?aid=9405&amp;xtid=52840</subfield></datafield><datafield ind1="4" ind2="0" tag="856"><subfield code="3">Grande Prairie Regional College Access</subfield><subfield code="u">http://digital.films.com/PortalPlaylists.aspx?aid=13409&amp;xtid=52840</subfield></datafield><datafield ind1=" " ind2=" " tag="949"><subfield code="h">UAIN</subfield><subfield code="m">KEYANO</subfield><subfield code="x">E-VIDEO</subfield><subfield code="z">FODKEY</subfield></datafield><datafield ind1=" " ind2=" " tag="926"><subfield code="a">Internet Access</subfield><subfield code="w">LC</subfield><subfield code="c">1</subfield><subfield code="i">6711511-1001</subfield><subfield code="l">INTERNET</subfield><subfield code="m">KEYANO</subfield><subfield code="r">Y</subfield><subfield code="s">Y</subfield><subfield code="t">E-RESOURCE</subfield><subfield code="u">10/22/2014</subfield><subfield code="x">E-VIDEO</subfield><subfield code="z">FODKEY</subfield></datafield><datafield ind1=" " ind2=" " tag="926"><subfield code="a">Internet Access</subfield><subfield code="w">LC</subfield><subfield code="c">1</subfield><subfield code="i">6711511-2001</subfield><subfield code="l">INTERNET</subfield><subfield code="m">GPRC_INT</subfield><subfield code="r">Y</subfield><subfield code="s">Y</subfield><subfield code="t">E-RESOURCE</subfield><subfield code="u">10/22/2014</subfield><subfield code="x">E-BOOK</subfield><subfield code="z">FODGP</subfield></datafield></record>